{
  "leader": "03883cam a2200553 i 4500",
  "fields": [
    {
      "001": "ocm00426022\\"
    },
    {
      "003": "OCoLC"
    },
    {
      "005": "20221206161322.0"
    },
    {
      "008": "721011s1961\\\\\\\\dcu\\\\\\\\\\\\b\\\\\\f001\\0\\eng\\d"
    },
    {
      "010": {
        "ind1": "\\",
        "ind2": "\\",
        "subfields": [
          {
            "a": "   61061991 "
          }
        ]
      }
    },
    {
      "040": {
        "ind1": "\\",
        "ind2": "\\",
        "subfields": [
          {
            "a": "KSU"
          },
          {
            "b": "eng"
          },
          {
            "e": "rda"
          },
          {
            "c": "KSU"
          },
          {
            "d": "TXX"
          },
          {
            "d": "OCLCQ"
          },
          {
            "d": "GZU"
          },
          {
            "d": "IOQ"
          },
          {
            "d": "DRB"
          },
          {
            "d": "STF"
          },
          {
            "d": "OKR"
          },
          {
            "d": "UKMGB"
          },
          {
            "d": "OCLCQ"
          },
          {
            "d": "OCLCF"
          },
          {
            "d": "P4I"
          },
          {
            "d": "OCLCQ"
          },
          {
            "d": "AUM"
          },
          {
            "d": "PB4"
          },
          {
            "d": "FUG"
          },
          {
            "d": "VYT"
          },
          {
            "d": "RAO"
          },
          {
            "d": "BGU"
          },
          {
            "d": "OCLCQ"
          },
          {
            "d": "ZYU"
          },
          {
            "d": "MUL"
          },
          {
            "d": "NYG"
          },
          {
            "d": "AMAZN"
          },
          {
            "d": "SFR"
          },
          {
            "d": "NLVRD"
          },
          {
            "d": "GPO"
          },
          {
            "d": "OCLCO"
          },
          {
            "d": "OCL"
          },
          {
            "d": "OCLCO"
          }
        ]
      }
    },
    {
      "016": {
        "ind1": "7",
        "ind2": "\\",
        "subfields": [
          {
            "a": "003724672"
          },
          {
            "2": "Uk"
          }
        ]
      }
    },
    {
      "019": {
        "ind1": "\\",
        "ind2": "\\",
        "subfields": [
          {
            "a": "2252819"
          },
          {
            "a": "155839098"
          },
          {
            "a": "609790474"
          },
          {
            "a": "642044512"
          },
          {
            "a": "954296098"
          },
          {
            "a": "976831661"
          },
          {
            "a": "1010992151"
          },
          {
            "a": "1031606996"
          },
          {
            "a": "1031606997"
          },
          {
            "a": "1150821872"
          },
          {
            "a": "1170922123"
          }
        ]
      }
    },
    {
      "035": {
        "ind1": "\\",
        "ind2": "\\",
        "subfields": [
          {
            "a": "(OCoLC)426022"
          },
          {
            "z": "(OCoLC)2252819"
          },
          {
            "z": "(OCoLC)155839098"
          },
          {
            "z": "(OCoLC)609790474"
          },
          {
            "z": "(OCoLC)642044512"
          },
          {
            "z": "(OCoLC)954296098"
          },
          {
            "z": "(OCoLC)976831661"
          },
          {
            "z": "(OCoLC)1010992151"
          },
          {
            "z": "(OCoLC)1031606996"
          },
          {
            "z": "(OCoLC)1031606997"
          },
          {
            "z": "(OCoLC)1150821872"
          },
          {
            "z": "(OCoLC)1170922123"
          }
        ]
      }
    },
    {
      "043": {
        "ind1": "\\",
        "ind2": "\\",
        "subfields": [
          {
            "a": "n-us---"
          }
        ]
      }
    },
    {
      "050": {
        "ind1": "\\",
        "ind2": "4",
        "subfields": [
          {
            "a": "TL521"
          },
          {
            "b": ".E46 1961"
          }
        ]
      }
    },
    {
      "074": {
        "ind1": "\\",
        "ind2": "\\",
        "subfields": [
          {
            "a": "0830-C"
          }
        ]
      }
    },
    {
      "082": {
        "ind1": "0",
        "ind2": "4",
        "subfields": [
          {
            "a": "629.130973"
          },
          {
            "b": "EMM"
          }
        ]
      }
    },
    {
      "100": {
        "ind1": "1",
        "ind2": "\\",
        "subfields": [
          {
            "a": "Emme, Eugene Morlock,"
          },
          {
            "e": "author."
          }
        ]
      }
    },
    {
      "245": {
        "ind1": "1",
        "ind2": "0",
        "subfields": [
          {
            "a": "Aeronautics and astronautics :"
          },
          {
            "b": "an American chronology of science and technology in the exploration of space, 1915-1960 /"
          },
          {
            "c": "by Eugene M. Emme, NASA historian ; foreword by Hugh L. Dryden."
          }
        ]
      }
    },
    {
      "246": {
        "ind1": "3",
        "ind2": "0",
        "subfields": [
          {
            "a": "American chronology of science and technology in the exploration of space, 1915-1960"
          }
        ]
      }
    },
    {
      "264": {
        "ind1": "\\",
        "ind2": "1",
        "subfields": [
          {
            "a": "[Washington, D.C.] :"
          },
          {
            "b": "National Aeronautics and Space Administration,"
          },
          {
            "c": "1961."
          }
        ]
      }
    },
    {
      "264": {
        "ind1": "\\",
        "ind2": "2",
        "subfields": [
          {
            "a": "Washington, D.C. :"
          },
          {
            "b": "Superintendent of Documents, U.S. Government Printing Office."
          }
        ]
      }
    },
    {
      "300": {
        "ind1": "\\",
        "ind2": "\\",
        "subfields": [
          {
            "a": "xi, 240 pages ;"
          },
          {
            "c": "24 cm"
          }
        ]
      }
    },
    {
      "336": {
        "ind1": "\\",
        "ind2": "\\",
        "subfields": [
          {
            "a": "text"
          },
          {
            "b": "txt"
          },
          {
            "2": "rdacontent"
          }
        ]
      }
    },
    {
      "337": {
        "ind1": "\\",
        "ind2": "\\",
        "subfields": [
          {
            "a": "unmediated"
          },
          {
            "b": "n"
          },
          {
            "2": "rdamedia"
          }
        ]
      }
    },
    {
      "338": {
        "ind1": "\\",
        "ind2": "\\",
        "subfields": [
          {
            "a": "volume"
          },
          {
            "b": "nc"
          },
          {
            "2": "rdacarrier"
          }
        ]
      }
    },
    {
      "504": {
        "ind1": "\\",
        "ind2": "\\",
        "subfields": [
          {
            "a": "Includes bibliographical references (pages 207-212) and index."
          }
        ]
      }
    },
    {
      "505": {
        "ind1": "0",
        "ind2": "\\",
        "subfields": [
          {
            "a": "Part I. From the founding of NACA [National Advisory Committee for Aeronautics] to the dawn of the space age, January 1915-October 1957 -- Part II. The first three years of the space age, October 1957-December 1960 -- Appendices: A. Chronicle of earth satellites and space probes -- B. Chronicle of world airplane records -- C. Chronicle of select balloon flights, 1927/60 -- D. Select awards and honors in aeronautics and astronautics -- E. Membership of the NACA, 1915/58."
          }
        ]
      }
    },
    {
      "610": {
        "ind1": "1",
        "ind2": "0",
        "subfields": [
          {
            "a": "United States."
          },
          {
            "b": "National Advisory Committee for Aeronautics."
          }
        ]
      }
    },
    {
      "610": {
        "ind1": "1",
        "ind2": "0",
        "subfields": [
          {
            "a": "United States."
          },
          {
            "b": "National Aeronautics and Space Administration."
          }
        ]
      }
    },
    {
      "650": {
        "ind1": "\\",
        "ind2": "0",
        "subfields": [
          {
            "a": "Aeronautics"
          },
          {
            "x": "History."
          }
        ]
      }
    },
    {
      "650": {
        "ind1": "\\",
        "ind2": "0",
        "subfields": [
          {
            "a": "Aeronautics"
          },
          {
            "z": "United States."
          }
        ]
      }
    },
    {
      "650": {
        "ind1": "\\",
        "ind2": "0",
        "subfields": [
          {
            "a": "Astronautics"
          },
          {
            "z": "United States."
          }
        ]
      }
    },
    {
      "610": {
        "ind1": "1",
        "ind2": "7",
        "subfields": [
          {
            "a": "United States."
          },
          {
            "b": "National Aeronautics and Space Administration."
          },
          {
            "2": "fast"
          },
          {
            "0": "(OCoLC)fst00528469"
          }
        ]
      }
    },
    {
      "610": {
        "ind1": "1",
        "ind2": "7",
        "subfields": [
          {
            "a": "United States."
          },
          {
            "b": "National Advisory Committee for Aeronautics."
          },
          {
            "2": "fast"
          },
          {
            "0": "(OCoLC)fst00533299"
          }
        ]
      }
    },
    {
      "650": {
        "ind1": "\\",
        "ind2": "7",
        "subfields": [
          {
            "a": "Aeronautics."
          },
          {
            "2": "fast"
          },
          {
            "0": "(OCoLC)fst00798293"
          }
        ]
      }
    },
    {
      "650": {
        "ind1": "\\",
        "ind2": "7",
        "subfields": [
          {
            "a": "Astronautics."
          },
          {
            "2": "fast"
          },
          {
            "0": "(OCoLC)fst00819505"
          }
        ]
      }
    },
    {
      "651": {
        "ind1": "\\",
        "ind2": "7",
        "subfields": [
          {
            "a": "United States."
          },
          {
            "2": "fast"
          },
          {
            "0": "(OCoLC)fst01204155"
          }
        ]
      }
    },
    {
      "655": {
        "ind1": "\\",
        "ind2": "7",
        "subfields": [
          {
            "a": "History."
          },
          {
            "2": "fast"
          },
          {
            "0": "(OCoLC)fst01411628"
          }
        ]
      }
    },
    {
      "700": {
        "ind1": "1",
        "ind2": "\\",
        "subfields": [
          {
            "a": "Dryden, Hugh L."
          },
          {
            "q": "(Hugh Latimer),"
          },
          {
            "d": "1898-1965,"
          },
          {
            "e": "writer of foreword."
          }
        ]
      }
    },
    {
      "710": {
        "ind1": "1",
        "ind2": "\\",
        "subfields": [
          {
            "a": "United States."
          },
          {
            "b": "National Aeronautics and Space Administration,"
          },
          {
            "e": "issuing body."
          }
        ]
      }
    },
    {
      "770": {
        "ind1": "0",
        "ind2": "8",
        "subfields": [
          {
            "i": "Supplement (work):"
          },
          {
            "a": "United States. National Aeronautics and Space Administration."
          },
          {
            "t": "Aeronautical and astronautical events of 1961."
          },
          {
            "d": "Washington, DC : United States Government Printing Office, 1962"
          },
          {
            "w": "(DLC)   62061897"
          },
          {
            "w": "(OCoLC)8544016"
          }
        ]
      }
    },
    {
      "770": {
        "ind1": "0",
        "ind2": "8",
        "subfields": [
          {
            "i": "Supplement (work):"
          },
          {
            "a": "United States. National Aeronautics and Space Administration."
          },
          {
            "t": "Astronautical and aeronautical events of 1962."
          },
          {
            "d": "Washington, DC : United States Government Printing Office, 1963"
          },
          {
            "w": "(DLC)   63061877"
          },
          {
            "w": "(OCoLC)9105417"
          }
        ]
      }
    },
    {
      "776": {
        "ind1": "0",
        "ind2": "8",
        "subfields": [
          {
            "i": "Online version:"
          },
          {
            "a": "Emme, Eugene Morlock."
          },
          {
            "t": "Aeronautics and astronautics."
          },
          {
            "d": "[Washington, D.C.] : National Aeronautics and Space Administration, 1961"
          },
          {
            "w": "(OCoLC)609134251"
          }
        ]
      }
    },
    {
      "856": {
        "ind1": "4",
        "ind2": "2",
        "subfields": [
          {
            "u": "https://history.nasa.gov/series95.html"
          }
        ]
      }
    },
    {
      "994": {
        "ind1": "\\",
        "ind2": "\\",
        "subfields": [
          {
            "a": "Z0"
          },
          {
            "b": "NYRVC"
          }
        ]
      }
    },
    {
      "948": {
        "ind1": "\\",
        "ind2": "\\",
        "subfields": [
          {
            "h": "NO HOLDINGS IN NYRVC - 533 OTHER HOLDINGS"
          }
        ]
      }
    },
    {
      "999": {
        "ind1": "\\",
        "ind2": "\\",
        "subfields": [
          {
            "a": "00000000011805"
          }
        ]
      }
    }
  ]
}